@manual{biblatex,
	author = {Philip Kime and Moritz Wemheuer and Philipp Lehman},
	title = {Das biblatex Paket},
	year = {2020},
	version = {3.15}
}